<record><leader>00000cas a22000007a 4500</leader><controlfield tag="001">32094634</controlfield><controlfield tag="008">950304d19uu19uunyuwr ne      0    0eng d</controlfield><datafield ind1=" " ind2=" " tag="010"><subfield code="a">sn 95071126 </subfield></datafield><datafield ind1=" " ind2=" " tag="040"><subfield code="a">NYS</subfield><subfield code="b">eng</subfield><subfield code="c">NYS</subfield><subfield code="d">OCLCQ</subfield><subfield code="d">OCLCF</subfield><subfield code="d">OCLCO</subfield></datafield><datafield ind1="1" ind2=" " tag="029"><subfield code="a">AU@</subfield><subfield code="b">000011677550</subfield></datafield><datafield ind1=" " ind2=" " tag="042"><subfield code="a">msc</subfield></datafield><datafield ind1=" " ind2=" " tag="043"><subfield code="a">n-us-ny</subfield></datafield><datafield ind1="0" ind2="4" tag="245"><subfield code="a">The Islip press and the Islip herald.</subfield></datafield><datafield ind1="1" ind2="7" tag="246"><subfield code="a">Islip press and herald</subfield></datafield><datafield ind1=" " ind2=" " tag="260"><subfield code="a">Islip, N.Y. :</subfield><subfield code="b">Suffolk Consolidated Press Co., and the Sunrise County Pub.</subfield></datafield><datafield ind1=" " ind2=" " tag="300"><subfield code="a">v.</subfield></datafield><datafield ind1=" " ind2=" " tag="310"><subfield code="a">Weekly</subfield></datafield><datafield ind1=" " ind2=" " tag="588"><subfield code="a">Description based on: Vol. 36, no. 3 (May 8, 1947).</subfield></datafield><datafield ind1=" " ind2="0" tag="651"><subfield code="a">Islip (N.Y.)</subfield><subfield code="v">Newspapers.</subfield></datafield><datafield ind1=" " ind2="0" tag="651"><subfield code="a">Suffolk County (N.Y.)</subfield><subfield code="v">Newspapers.</subfield></datafield><datafield ind1=" " ind2="7" tag="655"><subfield code="a">Newspapers.</subfield><subfield code="2">fast</subfield><subfield code="0">(OCoLC)fst01423814</subfield></datafield><datafield ind1=" " ind2="7" tag="651"><subfield code="a">New York (State)</subfield><subfield code="z">Islip.</subfield><subfield code="2">fast</subfield><subfield code="0">(OCoLC)fst01207354</subfield></datafield><datafield ind1=" " ind2="7" tag="651"><subfield code="a">New York (State)</subfield><subfield code="z">Suffolk County.</subfield><subfield code="2">fast</subfield><subfield code="0">(OCoLC)fst01207260</subfield></datafield><datafield ind1=" " ind2=" " tag="752"><subfield code="a">United States</subfield><subfield code="b">New York</subfield><subfield code="c">Suffolk</subfield><subfield code="d">Islip.</subfield></datafield><datafield ind1="0" ind2="4" tag="780"><subfield code="t">Islip press</subfield><subfield code="w">(DLC)sn 95071263</subfield><subfield code="w">(OCoLC)32733212</subfield></datafield><datafield ind1="0" ind2="4" tag="780"><subfield code="t">Islip herald</subfield><subfield code="w">(DLC)sn 95071386</subfield><subfield code="w">(OCoLC)33160178</subfield></datafield></record>